@inproceedings{Abdullah2012:PPGCAIC32SICO2012,
	Author =       {Abdullah, E. and Fujita, S.},
	Booktitle =    {P2P, Parallel, Grid, Cloud and Internet Computing (3PGCIC), 2012 Seventh International Conference on},
	Month =        {Nov},
	Pages =        {183-190},
	Title =        {Colluder Detection in Commercial P2P CDNs Using Reputation Information},
	Year =         2012
}

@inproceedings{zhou2001:semp2p1,
	Author =       {Zhou, Jing and Dialani, Viljay and Roure, David De and Hall, Wendy},
	Booktitle =    {Proceedings of $1^{st}$ Workshop on Semantics in Peer-to-Peer and Grid Computing},
	Month =        may,
	Pages =        {43--54},
	Title =        {A Semantic Search Algorithm for Peer-to-Peer Open Hypermedia Systems},
	Year =         2001
}